/home/ashiklom/windows-home/Dropbox/references/zotero-library.bib